<?xml version="1.0" encoding="UTF-8"?><collection xmlns="http://www.loc.gov/MARC21/slim"><record><leader>00590nam--2200217-u-4500</leader><controlfield tag="001">000050625</controlfield><controlfield tag="002">20161230</controlfield><controlfield tag="003">81935</controlfield><controlfield tag="005">20161230201048</controlfield><controlfield tag="008">080218s1000------------r-----000-0-eng-d</controlfield><datafield ind1=" " ind2=" " tag="020"><subfield code="a">1558603395</subfield></datafield><datafield ind1=" " ind2=" " tag="040"><subfield code="a">IFIN-HH</subfield></datafield><datafield ind1=" " ind2=" " tag="080"><subfield code="a">005.2</subfield></datafield><datafield ind1="1" ind2=" " tag="100"><subfield code="a">Pacheco, Peter S</subfield></datafield><datafield ind1="1" ind2=" " tag="245"><subfield code="a">Parallel programming with MPI</subfield><subfield code="c">Peter S. Pacheco</subfield></datafield><datafield ind1=" " ind2=" " tag="260"><subfield code="a">San Francisco</subfield><subfield code="b">Morgan Kaufmann Publishers, Inc</subfield><subfield code="c">1997</subfield></datafield><datafield ind1=" " ind2=" " tag="300"><subfield code="a">418 p</subfield></datafield><datafield ind1=" " ind2=" " tag="504"><subfield code="a">Bibliography and Index</subfield></datafield><datafield ind1=" " ind2="4" tag="650"><subfield code="a">Parallel programming (Computer science)</subfield></datafield><datafield ind1=" " ind2=" " tag="852"><subfield code="a">81935</subfield><subfield code="c">681.3</subfield></datafield><datafield ind1=" " ind2=" " tag="CAT"><subfield code="a">Sys</subfield><subfield code="c">20080807</subfield><subfield code="h">093326</subfield></datafield></record></collection>